<record><leader>00000cas a22000007a 4500</leader><controlfield tag="001">17569593</controlfield><controlfield tag="008">880303d18921896lauwr ne      0    0eng d</controlfield><datafield ind1=" " ind2=" " tag="010"><subfield code="a">sn 88064217 </subfield></datafield><datafield ind1=" " ind2=" " tag="040"><subfield code="a">LNP</subfield><subfield code="b">eng</subfield><subfield code="c">LNP</subfield><subfield code="d">OCLCQ</subfield></datafield><datafield ind1=" " ind2=" " tag="042"><subfield code="a">msc</subfield></datafield><datafield ind1="0" ind2=" " tag="130"><subfield code="a">Democrat-journal (Mansfield, La.)</subfield></datafield><datafield ind1="1" ind2="4" tag="245"><subfield code="a">The Democrat-journal.</subfield></datafield><datafield ind1=" " ind2=" " tag="260"><subfield code="a">Mansfield, La. :</subfield><subfield code="b">McClanahan &amp; Hewitt</subfield></datafield><datafield ind1=" " ind2=" " tag="310"><subfield code="a">Weekly</subfield></datafield><datafield ind1="0" ind2=" " tag="362"><subfield code="a">Vol. 1, no. 1 (July 8, 1892)-v. 4, no. 52 (July 3, 1896).</subfield></datafield><datafield ind1=" " ind2=" " tag="752"><subfield code="a">United States</subfield><subfield code="b">Louisiana</subfield><subfield code="c">De Soto</subfield><subfield code="d">Mansfield.</subfield></datafield><datafield ind1="0" ind2="4" tag="780"><subfield code="t">DeSoto Democrat</subfield><subfield code="w">(DLC)sn 88064219</subfield></datafield><datafield ind1="0" ind2="4" tag="780"><subfield code="t">Mansfield journal (Mansfield, La. : 1891)</subfield><subfield code="w">(DLC)sn 88064216</subfield></datafield><datafield ind1="0" ind2="0" tag="785"><subfield code="t">Mansfield journal (Mansfield, La. : 1896)</subfield><subfield code="w">(DLC)sn 88064218</subfield></datafield></record>